% SB: This is the bib file.

@misc{ dummy,
  author = {author},
  title = {{XXX}},
  howpublished = {YYY},
  year = 2015,
  month = {April},
  url = {http://www.transmeta.com/pdfs/paper_aklaiber_19jan00.pdf},
}
